<record><leader>00000cas a22000007a 4500</leader><controlfield tag="001">12120720</controlfield><controlfield tag="008">850605d19651984wiuwr ne      0    0eng d</controlfield><datafield ind1=" " ind2=" " tag="010"><subfield code="a">sn 85040780 </subfield></datafield><datafield ind1=" " ind2=" " tag="040"><subfield code="a">NPV</subfield><subfield code="b">eng</subfield><subfield code="c">NPV</subfield><subfield code="d">OCLCQ</subfield></datafield><datafield ind1=" " ind2=" " tag="042"><subfield code="a">msc</subfield></datafield><datafield ind1="0" ind2="4" tag="245"><subfield code="a">The Kickapoo papoose.</subfield></datafield><datafield ind1="3" ind2="0" tag="246"><subfield code="a">Papoose</subfield></datafield><datafield ind1=" " ind2=" " tag="260"><subfield code="a">Wauzeka, Wis. :</subfield><subfield code="b">[s.n.],</subfield><subfield code="c">-1984.</subfield></datafield><datafield ind1=" " ind2=" " tag="300"><subfield code="a">19 v.</subfield></datafield><datafield ind1=" " ind2=" " tag="310"><subfield code="a">Weekly</subfield></datafield><datafield ind1="0" ind2=" " tag="362"><subfield code="a">-v. 19, no. 25 (June 6, 1984).</subfield></datafield><datafield ind1="1" ind2=" " tag="362"><subfield code="a">Began in 1965.</subfield><subfield code="z">Cf. Boscobel dial, June 7, 1984.</subfield></datafield><datafield ind1=" " ind2=" " tag="588"><subfield code="a">Description based on: Vol. 3, no. 44 (Oct. 2, 1968).</subfield></datafield><datafield ind1=" " ind2=" " tag="752"><subfield code="a">United States</subfield><subfield code="b">Wisconsin</subfield><subfield code="c">Crawford</subfield><subfield code="d">Wauzeka.</subfield></datafield><datafield ind1="0" ind2="5" tag="785"><subfield code="t">Boscobel dial</subfield></datafield><datafield ind1="0" ind2="5" tag="785"><subfield code="t">Courier press</subfield></datafield></record>